<record><leader>00000cas a22000007a 4500</leader><controlfield tag="001">10946566</controlfield><controlfield tag="008">840713d18721879iauwr ne      0    0eng d</controlfield><controlfield tag="009">3781</controlfield><datafield ind1=" " ind2=" " tag="010"><subfield code="a">sn 84027187 </subfield></datafield><datafield ind1=" " ind2=" " tag="040"><subfield code="a">NPU</subfield><subfield code="b">eng</subfield><subfield code="c">NPU</subfield><subfield code="d">NPX</subfield><subfield code="d">INP</subfield></datafield><datafield ind1="1" ind2=" " tag="029"><subfield code="a">AU@</subfield><subfield code="b">000025787991</subfield></datafield><datafield ind1=" " ind2=" " tag="042"><subfield code="a">msc</subfield></datafield><datafield ind1="0" ind2=" " tag="130"><subfield code="a">North Iowa journal (Lansing, Iowa : 1872)</subfield></datafield><datafield ind1="0" ind2="4" tag="245"><subfield code="a">The North Iowa journal.</subfield></datafield><datafield ind1=" " ind2=" " tag="260"><subfield code="a">Lansing, Allamakee County, Iowa :</subfield><subfield code="b">Journal Print. Co.,</subfield><subfield code="c">1872-1879.</subfield></datafield><datafield ind1=" " ind2=" " tag="300"><subfield code="a">8 v.</subfield></datafield><datafield ind1=" " ind2=" " tag="310"><subfield code="a">Weekly</subfield></datafield><datafield ind1="0" ind2=" " tag="362"><subfield code="a">Vol. 5, no. 18 (Mar. 19, 1872)-v. 12, no. 19 (Apr. 23, 1879).</subfield></datafield><datafield ind1=" " ind2=" " tag="500"><subfield code="a">Publisher varies.</subfield></datafield><datafield ind1=" " ind2=" " tag="500"><subfield code="a">Editor: T.C. Medary, &lt;1876&gt;.</subfield></datafield><datafield ind1=" " ind2=" " tag="752"><subfield code="a">United States</subfield><subfield code="b">Iowa</subfield><subfield code="c">Allamakee</subfield><subfield code="d">Lansing.</subfield></datafield><datafield ind1="0" ind2="4" tag="780"><subfield code="t">Iowa north-east</subfield><subfield code="w">(DLC)sn 87057377</subfield></datafield><datafield ind1="0" ind2="4" tag="780"><subfield code="t">Lansing patriot</subfield><subfield code="w">(DLC)sn 86061219</subfield></datafield><datafield ind1="0" ind2="0" tag="785"><subfield code="t">Lansing journal (Lansing, Iowa)</subfield><subfield code="w">(DLC)sn 86061229</subfield></datafield></record>